% This file was created with JabRef 2.9.2.
% Encoding: Cp1252

@ELECTRONIC{madSpild_Emballage,
  author = {'LM'},
  month = {Febuary},
  year = {2012},
  title = {EMBALLAGE HAR STOR INDFLYDELSE PÅ MÆNGDEN AF MADSPILD},
  language = {Danish},
  organization = {Affald og Ressourcer},
  note = {Butikker},
  url = {http://www.affaldogressourcer.dk/article-2206-Emballage-har-stor-indflydelse-pa-mangden-af-madspild.html},
  owner = {Anders},
  timestamp = {2014.09.18}
}

@ELECTRONIC{madSpild_ForbrugereneErVaerrer,
  author = {OLIVER BÆRENTSEN},
  month = {May},
  year = {2012},
  title = {Madspild: Forbrugerne er værre end supermarkederne},
  language = {Danish},
  howpublished = {Public},
  organization = {Politikken.dk},
  note = {Til det private},
  url = {http://politiken.dk/forbrugogliv/forbrug/tjekmad/ECE1613204/madspild-forbrugerne-er-vaerre-end-supermarkederne/},
  owner = {Anders},
  timestamp = {2014.09.18}
}

@ELECTRONIC{maSpild_kosterPenge,
  author = {Lisbet Foged},
  month = {09},
  year = {2014},
  title = {Madspild koster danskerne 16 milliarder kr. om året},
  language = {Danish},
  organization = {Forbrugerbevægelsen Stop Spild Af Mad},
  note = {Til den private. Click på "Hvad kan du gøre"},
  url = {http://www.stopspildafmad.dk/},
  owner = {Anders},
  timestamp = {2014.09.17}
}

@STANDARD{madSpild_RapportAdfaerd,
  title = {UNDERSØGELSE AF DANSKERNES MADSPILDSADFÆRD, FORANDRINGSPOTENTIALER
	OG ANBEFALING TIL TILTAG},
  organization = {For Resten Danmark},
  institution = {Landbrug \& Fødevarer 2010},
  author = {Tænk Forbrugerådet},
  language = {Danish},
  howpublished = {Public},
  type = {Conduction},
  month = {August},
  year = {2012},
  note = {Til de private},
  url = {http://www.stopspildafmad.dk/madspildsrapport.pdf},
  owner = {Anders},
  timestamp = {2014.09.18}
}

@STANDARD{madSpild_Forbrugerredegoerelse,
  title = {Forbrugerredegørelse 2007 - Kapitel 3 Danskernes adfærd og vaner
	på fødevaremarkedet},
  organization = {Konkurrence og Forbrugerstyrelsen},
  institution = {Forbrugerstyrelsen 2007},
  author = {Forbrugerstyrelsen},
  language = {Danish},
  howpublished = {Publication},
  type = {Rapport},
  number = {2007},
  revision = {1},
  month = {12},
  year = {2007},
  note = {Data om alt privat og offentlig},
  url = {http://dokumenter.forbrug.dk/forbrugerredegoerelsen_2007/kap04.htm},
  owner = {Anders},
  review = {Full text at http://dokumenter.forbrug.dk/forbrugerredegoerelsen_2007/forbrugerredegoerelse07.pdf},
  timestamp = {2014.09.19}
}

@ELECTRONIC{madSpild_EURaad,
  author = {Turi Kjestine Meyhoff},
  month = {January},
  year = {2012},
  title = {EU-politikere: Stop nu det madspild},
  language = {Danish},
  howpublished = {Public},
  organization = {DR.dk},
  url = {http://www.dr.dk/Nyheder/Politik/2012/01/19/143614.htm?rss=true},
  owner = {Anders},
  timestamp = {2014.09.18}
}

@STANDARD{madSpild_CONCITOAdvice,
  title = {Det skjulte madspild 
	
	Kortlægning og handlingskatalog},
  organization = {CONCIITO},
  institution = {CONCITO},
  author = {Michael Minter, Thomas Færgeman},
  language = {Danish},
  howpublished = {Public},
  type = {Rapport},
  month = {Juli},
  year = {2011},
  note = {Til det offetnlige, Supermarkeder},
  url = {http://fvm.dk/fileadmin/user_upload/FVM.dk/Dokumenter/Landbrug/Indsatser/Madspild/DetSkjulteMadspild_rapport.pdf},
  abstract = {A presentation of 18 suggestons on how to minimize foodwaste},
  owner = {Anders},
  timestamp = {2014.09.18}
}

@ELECTRONIC{madSpild_folkeskole,
  author = {Morten Bichel, Selina Juul},
  month = {09},
  year = {2014},
  title = {Stop MAD Spild},
  language = {Danish},
  organization = {Stop madspild},
  note = {Offentlig (folkeskole)},
  url = {http://www.stopmadspild.dk/info.html},
  owner = {Anders},
  timestamp = {2014.09.17}
}

@ELECTRONIC{madSpild_Offentlige,
  author = {Kristian Sjøgren},
  month = {August},
  year = {2012},
  title = {Det offentlige kan spare en milliard kroner på madspild},
  language = {Danish},
  organization = {Berlingske},
  note = {Offentlige},
  url = {http://www.b.dk/viden/det-offentlige-kan-spare-en-milliard-kroner-paa-madspild},
  owner = {Anders},
  timestamp = {2014.09.18}
}

@ELECTRONIC{madSpild_LavEnPlan,
  author = {Fødevarestyrelsen Staff},
  title = {Læg en plan og undgå madspild},
  language = {Danish},
  organization = {Fødevarestyrelsen},
  note = {Til det private},
  url = {http://altomkost.dk/fakta/madspild/laeg-en-plan-og-undgaa-madspild/},
  owner = {Anders},
  timestamp = {2014.09.18}
}

@ELECTRONIC{madspild_advice,
  author = {forbrugerbevægelsen Stop Spild Af Mad Staff},
  month = {09},
  year = {2014},
  title = {Mange danskere tror ikke, at de smider mad ud...},
  language = {Danish},
  organization = {Stop Spild Af Mad},
  note = {Til det private},
  url = {http://www.madspild.net/},
  owner = {Anders},
  timestamp = {2014.09.17}
}

@ELECTRONIC{madSpild_AalborgOgForbruger,
  author = {Aalborg Universitet},
  month = {March},
  year = {2013},
  title = {Reducering af madspild og værdiskabelse på baggrund af fødevarerester},
  language = {Danish},
  organization = {Udannelses- og Forskningsministeriet},
  note = {Til det private},
  url = {http://ufm.dk/aktuelt/temaer/inno/modtagede-indspil/afsender/aalborg-universitet/reducering-af-madspild-og-vaerdiskabelse-pa-baggrund-af-fodevarerester},
  owner = {Anders},
  timestamp = {2014.09.19}
}

@ELECTRONIC{madSpild_KanIkkeUndgaas,
  author = {JANE AUNSBJERG VILLADSEN},
  month = {08},
  year = {2012},
  title = {Ekspert: Madspild kan ikke undgås},
  language = {Danish},
  organization = {Jyllands-Posten.dk},
  note = {Offentlige},
  url = {http://jyllands-posten.dk/indland/ECE4806903/ekspert-madspild-kan-ikke-undgas/},
  owner = {Anders},
  timestamp = {2014.09.18}
}

@OTHER{madSpild_Faktaboks,
  abstract = {This is the cheat sheep of an survey conducted on 1.000 participants},
  comment = {Faktaboks},
  keywords = {Faktaboks, Undersøgelse},
  owner = {Anders},
  timestamp = {2014.09.18},
  url = {http://analysedanmark.dk/assets/files/Stop_Spild_Af_Mad_Resultater.pdf}
}

